@electronic{IEEEreferencias:Web,
  author   = "P. Grillo",
  title     = "RFC 1514",
  url       =  "https://tools.ietf.org/html/rfc1514#section-3"
}

@article{SNMP_Article,
    author = "W. Stallings",
    title = {SNMP and SNMPv2: the infrastructure for network management},
    journal = "IEEE Communications Magazine",
    volume = "36",
    number = "3",
    pages = "37--43",
    year = "1998",
    DOI = "10.1109/35.663326",
    keywords = "snmp"
}

% Introduction

@article{innova:2016,
    author = {María D. Tito Maya and Bill Serrano Orellana},
    title = {Desarrollo de soft skills una alternativa a la escasez de talento humano},
    journal = {INNOVA Research Journal},
    volume = {1},
    year = {2016},
    number = {12},
    pages = {59--76},
    keywords = {article; talento; manpower}
}

@techreport{mpst:2015,
    author = {{Manpower}},
    year = {2015},
    title = {Estudio Manpowergroup sobre escasez de talento},
    address = {Baarcelona, España},
    institution = {Manpowergroup},
    number = {10},
    keywords = {report; talento; manpower}
}

@article{vart:2000,
    author = {Fernando Vargas Zúñiga},
    month = {Mayo-Agosto},
    year = {2000},
    title = {De las virtudes laborales a las competencias clave: un nuevo concepto un nuevo concepto para antiguas antiguas demandas},
    journal = {{Boletín Cinterfo}},
    number = {149},
    pages = {13--26},
    keywords = {globalización}
}

@book{flores:2014,
    title = {Liberar el potencial humano},
    author = {Monica Flores},
    year = {2014},
    publisher = {Latin Trade},
    language = {spanish},
    keywords = {soft skills; libro}
}

@online{escom:perfil,
    author = "IPN-ESCOM",
    title = "Oferta educativa - Ingeniería en Sistemas Computacionales",
    url  = "http://www.escom.ipn.mx/htmls/oferta/isc2020.php",
    urldate = {Noviembre 26, 2019},
    language = {spanish},
    keywords = "{perfil; ingeniero en sistemas computacionales; escom; ipn}"
}

@book{pnud:1999,
    title = {Globalización, Identidad y Estado en América Latina},
    author = {Manuel Castells},
    year = {1999},
    publisher = {PNUD},
    language = {spanish},
    keywords = {globalización}
}

@article{vban:2000,
   title = {{Desarrollo endógeno y globalización}},
   journal = {{EURE (Santiago)}},
   author={Vázquez-Barquero, Antonio},
   ISSN = {0250-7161},
   language = {spanish},
   URL = {https://scielo.conicyt.cl/scielo.php?script=sci_arttext&pid=S0250-71612000007900003&nrm=iso},
   volume = {26},
   year = {2000},
   month = {12},
   pages = {47--65},
   publisher = {scielocl},
   doi = {10.4067/S0250-71612000007900003}
}

@online{jml:2019,
    author = "Julio Mujica Leiva",
    title = "¿Qué son las habilidades blandas y cómo se
aprenden?",
    url  = "https://educrea.cl/que-son-las-habilidades-blandas-y-como-se-aprenden/",
    urldate = {Noviembre 26, 2019},
    language = {spanish},
    keywords = "{habilidades blandas; socializar; inteligencia emocional}"
}

% Development

@article{res:2008,
    author = {Jorge Hanel del Valle and Huáscar Taborga},
    year = {2008},
    title = {Formación de los ingenieros frente a la globalización},
    journal = {{Revista de la Educación Superior}},
    number = {78},
    pages = {32--36},
    keywords = {globalización; ingenieros}
}

@inproceedings{redis:2016,
    author        = "Beatriz Ayala Hoyos",
    title         = "El papel del ingeniero de sistemas frente a los retos del país y del mundo",
    booktitle     = "VI Encuentro Nacional de Directores del Programa de Ingenieria de Sistemas y Afines",
    address       = "Neiva, Colombia",
    year          = "2016",
    pages         = "44--46",
}

@article{espacios:2018,
    author = {Freddy Oswaldo Ovalles Pabón},
    title = {Retos y tendencias de la Ingeniería en Tecnologías de la Información y las Comunicaciones (TIC) frente al Desarrollo del Sector Productivo},
    journal = {Revista Espacios},
    ISSN = {0798-1015},
    volume = {39},
    year = {2018},
    number = {14},
    pages = {7--18},
    keywords = {article; retos; espacios; TIC}
}

@online{onu:2000,
    author = "ONU",
    title = "We can end poverty - Millenium Development Goals and Beyond 2015",
    url  = "https://www.un.org/millenniumgoals/global.shtml",
    urldate = {Noviembre 26, 2019},
    language = {spanish},
    keywords = "{objetivos nuevo milenio; onu; globalizacion}"
}

@online{onu:2015,
    author = "ONU",
    title = "Objetivos de Desarrollo Sustentable",
    url  = "https://www.un.org/sustainabledevelopment/es/",
    urldate = {Noviembre 26, 2019},
    language = {spanish},
    keywords = "{objetivos de desarrollo sustentable; onu; globalizacion}"
}

@book{nae:2008,
    title = {NAE Grand Challenges for Engineering},
    author = {NAE},
    year = {2008},
    publisher = {National Academy of Engineering},
    language = {spanish},
    keywords = {challenges; engineering; libro}
}

@article{unesco:2002,
    author = {UNESCO},
    title = {Futuros posibles: Diez tendencias para el siglo XXI},
    journal = {el nuevo Correo},
    ISSN = {2220-2307},
    volume = {55},
    month = {Mayo},
    year = {2002},
    number = {0},
    pages = {38--59},
    keywords = {article; retos; espacios; TIC}
}

@book{oecd:2010,
   author = "OECD",
   title = "OECD Information Technology Outlook 2010",
   year = "2010",
   publisher = {OECD},
   pages = 296,
   url = "https://www.oecd-ilibrary.org/content/publication/it_outlook-2010-en",
   doi = "https://doi.org/https://doi.org/10.1787/it_outlook-2010-en" 
}

@INPROCEEDINGS{IEEEreferencias:Web1,
    author={A. B. {Downey} and L. A. {Stein}},
    booktitle={Proceedings. Frontiers in Education. 36th Annual Conference},
    title={Designing a small-footprint curriculum in computer science},
    year={2006},
    volume={},
    number={},
    pages={21--26},
    keywords={computer science education;design;engineering education;computing curriculum;engineering curriculum design;computer science education;Computer science;Educational institutions;Design engineering;Context;Computer languages;Engineering education;Computer science education;Teamwork;Software design;Software systems;Engineering curriculum design;computer science education},
    doi={10.1109/FIE.2006.322660},
    ISSN={2377-634X},
    month={Octubre}
}

@ARTICLE{IEEEreferencias:Web2,
    author={S. {Beecham} and T. {Clear} and J. {Barr} and M. {Daniels} and M. {Oudshoorn} and J. {Noll}},
    journal={IEEE Software},
    title={Preparing Tomorrow's Software Engineers for Work in a Global Environment},
    year={2017},
    volume={34},
    number={1},
    pages={9--12},
    keywords={computer science education;educational institutions;software engineering;global software engineering;university software engineering students;GSE;Education courses;Software engineering;Teamwork;Cultural differences;Computer science education;Professional development;Globalization;global software engineering;GSE;distributed projects;global distance;Valentine's taxonomy;software engineering;software development},
    doi={10.1109/MS.2017.16},
    ISSN={1937-4194},
    month={Enero}
}

@ARTICLE{IEEEreferencias:Web3,
    author={B. {Boehm} and R. {Turner}},
    journal={IEEE Software},
    title={Management challenges to implementing agile processes in traditional development organizations},
    year={2005},
    volume={22},
    number={5},
    pages={30--39},
    keywords={project management;software development management;DP industry;project management challenges;traditional development organizations;agile software development practices;software industry;development process conflicts;business process conflicts;people conflicts;software management;Software development management;Project management;Aerospace materials;Automatic testing;Programming;Computer industry;Software systems;Refining;Software engineering;Aerospace engineering;Agile software development;agile process;process integration;systems engineering},
    doi={10.1109/MS.2005.129},
    ISSN={1937-4194},
    month={Septiembre}
}

@manual{pcbee:2000,
    title         = "This We Believe About Teaching the Soft Skills: Human Relations, Self-Management, and Workplace Enhancement",
    howpublished  = "Policies Commission for Business and Economic Education (PCBEE)",
    year          = "2000",
}

@article{ijbss:2014,
    author = {Janet L Bailey},
    title = {Non-Technical Skills for Success in a Technical World},
    journal = {International Journal of Business and Social Science},
    ISSN = {2219-6021},
    volume = {5},
    month = {Marzo},
    year = {2014},
    number = {4},
    pages = {1--10},
    keywords = {article; retos; espacios; TIC}
}